{"symbol":"AMZN","annualReports":[{"totalOperatingExpense":"100445000000","taxProvision":"2374000000","netInterestIncome":"-768000000","interestIncome":"832000000","discontinuedOperations":"None","interestExpense":"1600000000","totalOtherIncomeExpense":"203000000","sellingGeneralAdministrative":"100445000000","researchAndDevelopment":"35931000000","otherNonOperatingIncome":"1021000000","totalRevenue":"280522000000","grossProfit":"114986000000","preferredStockAndOtherAdjustments":"None","operatingIncome":"14541000000","ebit":"15562000000","costOfRevenue":"165536000000","nonRecurring":"None","otherOperatingExpense":"338000000","fiscalDateEnding":"2019-12-31","effectOfAccountingCharges":"None","incomeBeforeTax":"13976000000","reportedCurrency":"USD","extraordinaryItems":"None","netIncomeApplicableToCommonShares":"11588000000","netIncome":"11588000000","incomeTaxExpense":"2374000000","minorityInterest":"None","otherItems":"None","netIncomeFromContinuingOperations":"11602000000"},{"totalOperatingExpense":"81310000000","taxProvision":"1197000000","netInterestIncome":"-977000000","interestIncome":"440000000","discontinuedOperations":"None","interestExpense":"1417000000","totalOtherIncomeExpense":"-183000000","sellingGeneralAdministrative":"81310000000","researchAndDevelopment":"28837000000","otherNonOperatingIncome":"266000000","totalRevenue":"232887000000","grossProfit":"93731000000","preferredStockAndOtherAdjustments":"None","operatingIncome":"12421000000","ebit":"12844000000","costOfRevenue":"139156000000","nonRecurring":"None","otherOperatingExpense":"296000000","fiscalDateEnding":"2018-12-31","effectOfAccountingCharges":"None","incomeBeforeTax":"11261000000","reportedCurrency":"USD","extraordinaryItems":"157000000","netIncomeApplicableToCommonShares":"10073000000","netIncome":"10073000000","incomeTaxExpense":"1354000000","minorityInterest":"None","otherItems":"None","netIncomeFromContinuingOperations":"10064000000"},{"totalOperatingExpense":"61826000000","taxProvision":"769000000","netInterestIncome":"-646000000","interestIncome":"202000000","discontinuedOperations":"None","interestExpense":"848000000","totalOtherIncomeExpense":"346000000","sellingGeneralAdministrative":"61826000000","researchAndDevelopment":"22620000000","otherNonOperatingIncome":"544000000","totalRevenue":"177866000000","grossProfit":"65932000000","preferredStockAndOtherAdjustments":"None","operatingIncome":"4106000000","ebit":"5439000000","costOfRevenue":"111934000000","nonRecurring":"None","otherOperatingExpense":"214000000","fiscalDateEnding":"2017-12-31","effectOfAccountingCharges":"None","incomeBeforeTax":"3806000000","reportedCurrency":"USD","extraordinaryItems":"789000000","netIncomeApplicableToCommonShares":"3033000000","netIncome":"3033000000","incomeTaxExpense":"1558000000","minorityInterest":"None","otherItems":"None","netIncomeFromContinuingOperations":"3037000000"},{"totalOperatingExpense":"43536000000","taxProvision":"1425000000","netInterestIncome":"-384000000","interestIncome":"100000000","discontinuedOperations":"None","interestExpense":"484000000","totalOtherIncomeExpense":"90000000","sellingGeneralAdministrative":"43536000000","researchAndDevelopment":"16085000000","otherNonOperatingIncome":"94000000","totalRevenue":"135987000000","grossProfit":"47722000000","preferredStockAndOtherAdjustments":"None","operatingIncome":"4186000000","ebit":"4280000000","costOfRevenue":"88265000000","nonRecurring":"None","otherOperatingExpense":"167000000","fiscalDateEnding":"2016-12-31","effectOfAccountingCharges":"None","incomeBeforeTax":"3892000000","reportedCurrency":"USD","extraordinaryItems":"None","netIncomeApplicableToCommonShares":"2371000000","netIncome":"2371000000","incomeTaxExpense":"1425000000","minorityInterest":"None","otherItems":"None","netIncomeFromContinuingOperations":"2467000000"},{"totalOperatingExpense":"33122000000","taxProvision":"950000000","netInterestIncome":"None","interestIncome":"-680000000","discontinuedOperations":"None","interestExpense":"459000000","totalOtherIncomeExpense":"-687000000","sellingGeneralAdministrative":"33122000000","researchAndDevelopment":"12540000000","otherNonOperatingIncome":"-228000000","totalRevenue":"107006000000","grossProfit":"35355000000","preferredStockAndOtherAdjustments":"None","operatingIncome":"2233000000","ebit":"2005000000","costOfRevenue":"71651000000","nonRecurring":"None","otherOperatingExpense":"171000000","fiscalDateEnding":"2015-12-31","effectOfAccountingCharges":"None","incomeBeforeTax":"1568000000","reportedCurrency":"USD","extraordinaryItems":"None","netIncomeApplicableToCommonShares":"596000000","netIncome":"596000000","incomeTaxExpense":"950000000","minorityInterest":"None","otherItems":"None","netIncomeFromContinuingOperations":"618000000"}],"quarterlyReports":[{"totalOperatingExpense":"-32845000000","taxProvision":"569000000","netInterestIncome":"-310000000","interestIncome":"118000000","discontinuedOperations":"None","interestExpense":"428000000","totalOtherIncomeExpense":"925000000","sellingGeneralAdministrative":"7102000000","researchAndDevelopment":"10976000000","otherNonOperatingIncome":"1134000000","totalRevenue":"96145000000","grossProfit":"24334000000","preferredStockAndOtherAdjustments":"None","operatingIncome":"6194000000","ebit":"13760000000","costOfRevenue":"71811000000","nonRecurring":"None","otherOperatingExpense":"-62000000","fiscalDateEnding":"2020-09-30","effectOfAccountingCharges":"None","incomeBeforeTax":"6809000000","reportedCurrency":"USD","extraordinaryItems":"None","netIncomeApplicableToCommonShares":"6331000000","netIncome":"6331000000","incomeTaxExpense":"569000000","minorityInterest":"None","otherItems":"None","netIncomeFromContinuingOperations":"6240000000"},{"totalOperatingExpense":"-30409000000","taxProvision":"984000000","netInterestIncome":"-268000000","interestIncome":"135000000","discontinuedOperations":"None","interestExpense":"403000000","totalOtherIncomeExpense":"646000000","sellingGeneralAdministrative":"5925000000","researchAndDevelopment":"10388000000","otherNonOperatingIncome":"787000000","totalRevenue":"88912000000","grossProfit":"22446000000","preferredStockAndOtherAdjustments":"None","operatingIncome":"5843000000","ebit":"12372000000","costOfRevenue":"66466000000","nonRecurring":"None","otherOperatingExpense":"-290000000","fiscalDateEnding":"2020-06-30","effectOfAccountingCharges":"None","incomeBeforeTax":"6221000000","reportedCurrency":"USD","extraordinaryItems":"None","netIncomeApplicableToCommonShares":"5243000000","netIncome":"5243000000","incomeTaxExpense":"984000000","minorityInterest":"None","otherItems":"None","netIncomeFromContinuingOperations":"5237000000"},{"totalOperatingExpense":"-27206000000","taxProvision":"744000000","netInterestIncome":"-200000000","interestIncome":"202000000","discontinuedOperations":"None","interestExpense":"402000000","totalOtherIncomeExpense":"-406000000","sellingGeneralAdministrative":"6280000000","researchAndDevelopment":"9325000000","otherNonOperatingIncome":"-308000000","totalRevenue":"75452000000","grossProfit":"19664000000","preferredStockAndOtherAdjustments":"None","operatingIncome":"3989000000","ebit":"9147000000","costOfRevenue":"55788000000","nonRecurring":"None","otherOperatingExpense":"-70000000","fiscalDateEnding":"2020-03-31","effectOfAccountingCharges":"None","incomeBeforeTax":"3383000000","reportedCurrency":"USD","extraordinaryItems":"None","netIncomeApplicableToCommonShares":"2535000000","netIncome":"2535000000","incomeTaxExpense":"744000000","minorityInterest":"None","otherItems":"None","netIncomeFromContinuingOperations":"2639000000"},{"totalOperatingExpense":"-29580000000","taxProvision":"786000000","netInterestIncome":"-244000000","interestIncome":"211000000","discontinuedOperations":"None","interestExpense":"455000000","totalOtherIncomeExpense":"418000000","sellingGeneralAdministrative":"7583000000","researchAndDevelopment":"9740000000","otherNonOperatingIncome":"630000000","totalRevenue":"87436000000","grossProfit":"21267000000","preferredStockAndOtherAdjustments":"None","operatingIncome":"3880000000","ebit":"10678000000","costOfRevenue":"66169000000","nonRecurring":"None","otherOperatingExpense":"65000000","fiscalDateEnding":"2019-12-31","effectOfAccountingCharges":"None","incomeBeforeTax":"4054000000","reportedCurrency":"USD","extraordinaryItems":"None","netIncomeApplicableToCommonShares":"3268000000","netIncome":"3268000000","incomeTaxExpense":"787000000","minorityInterest":"None","otherItems":"None","netIncomeFromContinuingOperations":"3267000000"},{"totalOperatingExpense":"-25522000000","taxProvision":"494000000","netInterestIncome":"-172000000","interestIncome":"224000000","discontinuedOperations":"None","interestExpense":"396000000","totalOtherIncomeExpense":"-353000000","sellingGeneralAdministrative":"6100000000","researchAndDevelopment":"9200000000","otherNonOperatingIncome":"-133000000","totalRevenue":"69981000000","grossProfit":"18512000000","preferredStockAndOtherAdjustments":"None","operatingIncome":"3157000000","ebit":"8591000000","costOfRevenue":"51469000000","nonRecurring":"None","otherOperatingExpense":"192000000","fiscalDateEnding":"2019-09-30","effectOfAccountingCharges":"None","incomeBeforeTax":"2632000000","reportedCurrency":"USD","extraordinaryItems":"None","netIncomeApplicableToCommonShares":"2134000000","netIncome":"2134000000","incomeTaxExpense":"494000000","minorityInterest":"None","otherItems":"None","netIncomeFromContinuingOperations":"2138000000"},{"totalOperatingExpense":"-23983000000","taxProvision":"257000000","netInterestIncome":"-168000000","interestIncome":"215000000","discontinuedOperations":"None","interestExpense":"383000000","totalOtherIncomeExpense":"-27000000","sellingGeneralAdministrative":"5561000000","researchAndDevelopment":"9065000000","otherNonOperatingIncome":"181000000","totalRevenue":"63404000000","grossProfit":"17796000000","preferredStockAndOtherAdjustments":"None","operatingIncome":"3084000000","ebit":"8474000000","costOfRevenue":"45608000000","nonRecurring":"None","otherOperatingExpense":"86000000","fiscalDateEnding":"2019-06-30","effectOfAccountingCharges":"None","incomeBeforeTax":"2889000000","reportedCurrency":"USD","extraordinaryItems":"None","netIncomeApplicableToCommonShares":"2625000000","netIncome":"2625000000","incomeTaxExpense":"257000000","minorityInterest":"None","otherItems":"None","netIncomeFromContinuingOperations":"2632000000"},{"totalOperatingExpense":"-21360000000","taxProvision":"836000000","netInterestIncome":"-183000000","interestIncome":"-183000000","discontinuedOperations":"None","interestExpense":"366000000","totalOtherIncomeExpense":"164000000","sellingGeneralAdministrative":"4837000000","researchAndDevelopment":"7927000000","otherNonOperatingIncome":"343000000","totalRevenue":"59700000000","grossProfit":"17179000000","preferredStockAndOtherAdjustments":"None","operatingIncome":"4420000000","ebit":"9621000000","costOfRevenue":"42521000000","nonRecurring":"None","otherOperatingExpense":"-5000000","fiscalDateEnding":"2019-03-31","effectOfAccountingCharges":"None","incomeBeforeTax":"4401000000","reportedCurrency":"USD","extraordinaryItems":"None","netIncomeApplicableToCommonShares":"3561000000","netIncome":"3561000000","incomeTaxExpense":"836000000","minorityInterest":"None","otherItems":"None","netIncomeFromContinuingOperations":"3565000000"},{"totalOperatingExpense":"138810000000","taxProvision":"None","netInterestIncome":"None","interestIncome":"None","discontinuedOperations":"0","interestExpense":"386000000","totalOtherIncomeExpense":"-432000000","sellingGeneralAdministrative":"6029000000","researchAndDevelopment":"7669000000","otherNonOperatingIncome":"-46000000","totalRevenue":"72383000000","grossProfit":"17569000000","preferredStockAndOtherAdjustments":"None","operatingIncome":"3787000000","ebit":"7999000000","costOfRevenue":"54814000000","nonRecurring":"0","otherOperatingExpense":"85000000","fiscalDateEnding":"2018-12-31","effectOfAccountingCharges":"0","incomeBeforeTax":"3350000000","reportedCurrency":"USD","extraordinaryItems":"157000000","netIncomeApplicableToCommonShares":"3027000000","netIncome":"3027000000","incomeTaxExpense":"328000000","minorityInterest":"0","otherItems":"0","netIncomeFromContinuingOperations":"3022000000"},{"totalOperatingExpense":"-19849000000","taxProvision":"None","netInterestIncome":"None","interestIncome":"None","discontinuedOperations":"0","interestExpense":"358000000","totalOtherIncomeExpense":"-333000000","sellingGeneralAdministrative":"4344000000","researchAndDevelopment":"7162000000","otherNonOperatingIncome":"25000000","totalRevenue":"56576000000","grossProfit":"15298000000","preferredStockAndOtherAdjustments":"None","operatingIncome":"3724000000","ebit":"7526000000","costOfRevenue":"41278000000","nonRecurring":"0","otherOperatingExpense":"68000000","fiscalDateEnding":"2018-09-30","effectOfAccountingCharges":"0","incomeBeforeTax":"3390000000","reportedCurrency":"USD","extraordinaryItems":"0","netIncomeApplicableToCommonShares":"2883000000","netIncome":"2883000000","incomeTaxExpense":"508000000","minorityInterest":"0","otherItems":"0","netIncomeFromContinuingOperations":"2882000000"},{"totalOperatingExpense":"-19271000000","taxProvision":"None","netInterestIncome":"None","interestIncome":"None","discontinuedOperations":"0","interestExpense":"343000000","totalOtherIncomeExpense":"-375000000","sellingGeneralAdministrative":"4012000000","researchAndDevelopment":"7247000000","otherNonOperatingIncome":"-32000000","totalRevenue":"52886000000","grossProfit":"14322000000","preferredStockAndOtherAdjustments":"None","operatingIncome":"2983000000","ebit":"6578000000","costOfRevenue":"38564000000","nonRecurring":"0","otherOperatingExpense":"80000000","fiscalDateEnding":"2018-06-30","effectOfAccountingCharges":"0","incomeBeforeTax":"2605000000","reportedCurrency":"USD","extraordinaryItems":"0","netIncomeApplicableToCommonShares":"2534000000","netIncome":"2534000000","incomeTaxExpense":"74000000","minorityInterest":"0","otherItems":"0","netIncomeFromContinuingOperations":"2531000000"},{"totalOperatingExpense":"-18380000000","taxProvision":"None","netInterestIncome":"None","interestIncome":"None","discontinuedOperations":"0","interestExpense":"330000000","totalOtherIncomeExpense":"-11000000","sellingGeneralAdministrative":"3766000000","researchAndDevelopment":"6759000000","otherNonOperatingIncome":"319000000","totalRevenue":"51042000000","grossProfit":"12515000000","preferredStockAndOtherAdjustments":"None","operatingIncome":"1927000000","ebit":"5917000000","costOfRevenue":"38527000000","nonRecurring":"0","otherOperatingExpense":"63000000","fiscalDateEnding":"2018-03-31","effectOfAccountingCharges":"0","incomeBeforeTax":"1916000000","reportedCurrency":"USD","extraordinaryItems":"0","netIncomeApplicableToCommonShares":"1629000000","netIncome":"1629000000","incomeTaxExpense":"287000000","minorityInterest":"0","otherItems":"0","netIncomeFromContinuingOperations":"1629000000"},{"totalOperatingExpense":"103819000000","taxProvision":"None","netInterestIncome":"None","interestIncome":"None","discontinuedOperations":"0","interestExpense":"338000000","totalOtherIncomeExpense":"-274000000","sellingGeneralAdministrative":"4484000000","researchAndDevelopment":"6314000000","otherNonOperatingIncome":"83000000","totalRevenue":"60453000000","grossProfit":"12984000000","preferredStockAndOtherAdjustments":"None","operatingIncome":"2126000000","ebit":"5707000000","costOfRevenue":"47469000000","nonRecurring":"0","otherOperatingExpense":"235000000","fiscalDateEnding":"2017-12-31","effectOfAccountingCharges":"0","incomeBeforeTax":"1871000000","reportedCurrency":"USD","extraordinaryItems":"0","netIncomeApplicableToCommonShares":"1856000000","netIncome":"1856000000","incomeTaxExpense":"15000000","minorityInterest":"0","otherItems":"0","netIncomeFromContinuingOperations":"1856000000"},{"totalOperatingExpense":"-15848000000","taxProvision":"None","netInterestIncome":"None","interestIncome":"None","discontinuedOperations":"0","interestExpense":"228000000","totalOtherIncomeExpense":"-68000000","sellingGeneralAdministrative":"3439000000","researchAndDevelopment":"5943000000","otherNonOperatingIncome":"195000000","totalRevenue":"43744000000","grossProfit":"9775000000","preferredStockAndOtherAdjustments":"None","operatingIncome":"347000000","ebit":"3456000000","costOfRevenue":"33969000000","nonRecurring":"0","otherOperatingExpense":"45000000","fiscalDateEnding":"2017-09-30","effectOfAccountingCharges":"0","incomeBeforeTax":"316000000","reportedCurrency":"USD","extraordinaryItems":"0","netIncomeApplicableToCommonShares":"256000000","netIncome":"256000000","incomeTaxExpense":"58000000","minorityInterest":"0","otherItems":"0","netIncomeFromContinuingOperations":"258000000"},{"totalOperatingExpense":"-13876000000","taxProvision":"None","netInterestIncome":"None","interestIncome":"None","discontinuedOperations":"0","interestExpense":"143000000","totalOtherIncomeExpense":"90000000","sellingGeneralAdministrative":"3103000000","researchAndDevelopment":"5550000000","otherNonOperatingIncome":"179000000","totalRevenue":"37955000000","grossProfit":"9346000000","preferredStockAndOtherAdjustments":"None","operatingIncome":"628000000","ebit":"3442000000","costOfRevenue":"28609000000","nonRecurring":"0","otherOperatingExpense":"-110000000","fiscalDateEnding":"2017-06-30","effectOfAccountingCharges":"0","incomeBeforeTax":"666000000","reportedCurrency":"USD","extraordinaryItems":"0","netIncomeApplicableToCommonShares":"197000000","netIncome":"197000000","incomeTaxExpense":"467000000","minorityInterest":"0","otherItems":"0","netIncomeFromContinuingOperations":"199000000"},{"totalOperatingExpense":"-12269000000","taxProvision":"None","netInterestIncome":"None","interestIncome":"None","discontinuedOperations":"0","interestExpense":"139000000","totalOtherIncomeExpense":"-52000000","sellingGeneralAdministrative":"2715000000","researchAndDevelopment":"4813000000","otherNonOperatingIncome":"87000000","totalRevenue":"35714000000","grossProfit":"8577000000","preferredStockAndOtherAdjustments":"None","operatingIncome":"1005000000","ebit":"3527000000","costOfRevenue":"27137000000","nonRecurring":"0","otherOperatingExpense":"44000000","fiscalDateEnding":"2017-03-31","effectOfAccountingCharges":"0","incomeBeforeTax":"953000000","reportedCurrency":"USD","extraordinaryItems":"0","netIncomeApplicableToCommonShares":"724000000","netIncome":"724000000","incomeTaxExpense":"229000000","minorityInterest":"0","otherItems":"0","netIncomeFromContinuingOperations":"724000000"},{"totalOperatingExpense":"73545000000","taxProvision":"None","netInterestIncome":"None","interestIncome":"None","discontinuedOperations":"0","interestExpense":"133000000","totalOtherIncomeExpense":"-307000000","sellingGeneralAdministrative":"3545000000","researchAndDevelopment":"4544000000","otherNonOperatingIncome":"41000000","totalRevenue":"43741000000","grossProfit":"43830000000","preferredStockAndOtherAdjustments":"None","operatingIncome":"1255000000","ebit":"1296000000","costOfRevenue":"147571000000","nonRecurring":"0","otherOperatingExpense":"167000000","fiscalDateEnding":"2016-12-31","effectOfAccountingCharges":"0","incomeBeforeTax":"1166000000","reportedCurrency":"USD","extraordinaryItems":"0","netIncomeApplicableToCommonShares":"749000000","netIncome":"749000000","incomeTaxExpense":"414000000","minorityInterest":"0","otherItems":"0","netIncomeFromContinuingOperations":"752000000"},{"totalOperatingExpense":"-10879000000","taxProvision":"None","netInterestIncome":"None","interestIncome":"None","discontinuedOperations":"0","interestExpense":"118000000","totalOtherIncomeExpense":"24000000","sellingGeneralAdministrative":"6879000000","researchAndDevelopment":"4136000000","otherNonOperatingIncome":"24000000","totalRevenue":"32714000000","grossProfit":"53974000000","preferredStockAndOtherAdjustments":"None","operatingIncome":"575000000","ebit":"599000000","costOfRevenue":"-21260000000","nonRecurring":"0","otherOperatingExpense":"0","fiscalDateEnding":"2016-09-30","effectOfAccountingCharges":"0","incomeBeforeTax":"491000000","reportedCurrency":"USD","extraordinaryItems":"0","netIncomeApplicableToCommonShares":"252000000","netIncome":"252000000","incomeTaxExpense":"229000000","minorityInterest":"0","otherItems":"0","netIncomeFromContinuingOperations":"262000000"},{"totalOperatingExpense":"-9939000000","taxProvision":"None","netInterestIncome":"None","interestIncome":"None","discontinuedOperations":"0","interestExpense":"116000000","totalOtherIncomeExpense":"-92000000","sellingGeneralAdministrative":"9939000000","researchAndDevelopment":"3879000000","otherNonOperatingIncome":"-5000000","totalRevenue":"30404000000","grossProfit":"49584000000","preferredStockAndOtherAdjustments":"None","operatingIncome":"1285000000","ebit":"1280000000","costOfRevenue":"-19180000000","nonRecurring":"0","otherOperatingExpense":"0","fiscalDateEnding":"2016-06-30","effectOfAccountingCharges":"0","incomeBeforeTax":"1179000000","reportedCurrency":"USD","extraordinaryItems":"0","netIncomeApplicableToCommonShares":"857000000","netIncome":"857000000","incomeTaxExpense":"307000000","minorityInterest":"0","otherItems":"0","netIncomeFromContinuingOperations":"872000000"},{"totalOperatingExpense":"-9191000000","taxProvision":"None","netInterestIncome":"None","interestIncome":"None","discontinuedOperations":"0","interestExpense":"117000000","totalOtherIncomeExpense":"-15000000","sellingGeneralAdministrative":"9191000000","researchAndDevelopment":"3526000000","otherNonOperatingIncome":"34000000","totalRevenue":"29128000000","grossProfit":"47994000000","preferredStockAndOtherAdjustments":"None","operatingIncome":"1071000000","ebit":"1105000000","costOfRevenue":"-18866000000","nonRecurring":"0","otherOperatingExpense":"0","fiscalDateEnding":"2016-03-31","effectOfAccountingCharges":"0","incomeBeforeTax":"1056000000","reportedCurrency":"USD","extraordinaryItems":"0","netIncomeApplicableToCommonShares":"513000000","netIncome":"513000000","incomeTaxExpense":"475000000","minorityInterest":"0","otherItems":"0","netIncomeFromContinuingOperations":"581000000"},{"totalOperatingExpense":"10297000000","taxProvision":"None","netInterestIncome":"None","interestIncome":"None","discontinuedOperations":"0","interestExpense":"114000000","totalOtherIncomeExpense":"-529000000","sellingGeneralAdministrative":"10297000000","researchAndDevelopment":"3569000000","otherNonOperatingIncome":"-60000000","totalRevenue":"35746000000","grossProfit":"11405000000","preferredStockAndOtherAdjustments":"None","operatingIncome":"1108000000","ebit":"1048000000","costOfRevenue":"24341000000","nonRecurring":"0","otherOperatingExpense":"171000000","fiscalDateEnding":"2015-12-31","effectOfAccountingCharges":"0","incomeBeforeTax":"938000000","reportedCurrency":"USD","extraordinaryItems":"0","netIncomeApplicableToCommonShares":"482000000","netIncome":"482000000","incomeTaxExpense":"452000000","minorityInterest":"0","otherItems":"0","netIncomeFromContinuingOperations":"486000000"},{"totalOperatingExpense":"8197000000","taxProvision":"None","netInterestIncome":"None","interestIncome":"None","discontinuedOperations":"0","interestExpense":"116000000","totalOtherIncomeExpense":"-56000000","sellingGeneralAdministrative":"8197000000","researchAndDevelopment":"3197000000","otherNonOperatingIncome":"-50000000","totalRevenue":"25358000000","grossProfit":"8603000000","preferredStockAndOtherAdjustments":"None","operatingIncome":"406000000","ebit":"356000000","costOfRevenue":"16755000000","nonRecurring":"0","otherOperatingExpense":"0","fiscalDateEnding":"2015-09-30","effectOfAccountingCharges":"0","incomeBeforeTax":"247000000","reportedCurrency":"USD","extraordinaryItems":"0","netIncomeApplicableToCommonShares":"79000000","netIncome":"79000000","incomeTaxExpense":"161000000","minorityInterest":"0","otherItems":"0","netIncomeFromContinuingOperations":"86000000"}]}