{"symbol":"GOOGL","annualReports":[{"totalOperatingExpense":"55730000000","taxProvision":"5282000000","netInterestIncome":"2327000000","interestIncome":"2427000000","discontinuedOperations":"None","interestExpense":"100000000","totalOtherIncomeExpense":"1370000000","sellingGeneralAdministrative":"29712000000","researchAndDevelopment":"26018000000","otherNonOperatingIncome":"5394000000","totalRevenue":"161857000000","grossProfit":"89961000000","preferredStockAndOtherAdjustments":"None","operatingIncome":"34231000000","ebit":"39625000000","costOfRevenue":"71896000000","nonRecurring":"None","otherOperatingExpense":"None","fiscalDateEnding":"2019-12-31","effectOfAccountingCharges":"None","incomeBeforeTax":"39625000000","reportedCurrency":"USD","extraordinaryItems":"None","netIncomeApplicableToCommonShares":"34343000000","netIncome":"34343000000","incomeTaxExpense":"5282000000","minorityInterest":"None","otherItems":"None","netIncomeFromContinuingOperations":"34343000000"},{"totalOperatingExpense":"50949000000","taxProvision":"4177000000","netInterestIncome":"1764000000","interestIncome":"1878000000","discontinuedOperations":"None","interestExpense":"114000000","totalOtherIncomeExpense":"1757000000","sellingGeneralAdministrative":"29530000000","researchAndDevelopment":"21419000000","otherNonOperatingIncome":"8592000000","totalRevenue":"136819000000","grossProfit":"77270000000","preferredStockAndOtherAdjustments":"None","operatingIncome":"26321000000","ebit":"34913000000","costOfRevenue":"59549000000","nonRecurring":"None","otherOperatingExpense":"None","fiscalDateEnding":"2018-12-31","effectOfAccountingCharges":"None","incomeBeforeTax":"34913000000","reportedCurrency":"USD","extraordinaryItems":"None","netIncomeApplicableToCommonShares":"30736000000","netIncome":"30736000000","incomeTaxExpense":"4177000000","minorityInterest":"None","otherItems":"None","netIncomeFromContinuingOperations":"30736000000"},{"totalOperatingExpense":"39126000000","taxProvision":"14531000000","netInterestIncome":"1203000000","interestIncome":"1312000000","discontinuedOperations":"None","interestExpense":"109000000","totalOtherIncomeExpense":"-2892000000","sellingGeneralAdministrative":"22501000000","researchAndDevelopment":"16625000000","otherNonOperatingIncome":"1047000000","totalRevenue":"110855000000","grossProfit":"65272000000","preferredStockAndOtherAdjustments":"None","operatingIncome":"26146000000","ebit":"27193000000","costOfRevenue":"45583000000","nonRecurring":"None","otherOperatingExpense":"None","fiscalDateEnding":"2017-12-31","effectOfAccountingCharges":"None","incomeBeforeTax":"27193000000","reportedCurrency":"USD","extraordinaryItems":"-9824000000","netIncomeApplicableToCommonShares":"19024000000","netIncome":"12662000000","incomeTaxExpense":"14531000000","minorityInterest":"None","otherItems":"None","netIncomeFromContinuingOperations":"12662000000"},{"totalOperatingExpense":"31418000000","taxProvision":"4672000000","netInterestIncome":"1096000000","interestIncome":"1220000000","discontinuedOperations":"None","interestExpense":"124000000","totalOtherIncomeExpense":"-662000000","sellingGeneralAdministrative":"17470000000","researchAndDevelopment":"13948000000","otherNonOperatingIncome":"434000000","totalRevenue":"90272000000","grossProfit":"55134000000","preferredStockAndOtherAdjustments":"None","operatingIncome":"23716000000","ebit":"24150000000","costOfRevenue":"35138000000","nonRecurring":"None","otherOperatingExpense":"None","fiscalDateEnding":"2016-12-31","effectOfAccountingCharges":"None","incomeBeforeTax":"24150000000","reportedCurrency":"USD","extraordinaryItems":"None","netIncomeApplicableToCommonShares":"19478000000","netIncome":"19478000000","incomeTaxExpense":"4672000000","minorityInterest":"None","otherItems":"None","netIncomeFromContinuingOperations":"19478000000"},{"totalOperatingExpense":"27465000000","taxProvision":"3303000000","netInterestIncome":"None","interestIncome":"35000000","discontinuedOperations":"None","interestExpense":"-104000000","totalOtherIncomeExpense":"291000000","sellingGeneralAdministrative":"15183000000","researchAndDevelopment":"12282000000","otherNonOperatingIncome":"291000000","totalRevenue":"74989000000","grossProfit":"46825000000","preferredStockAndOtherAdjustments":"None","operatingIncome":"19360000000","ebit":"19651000000","costOfRevenue":"28164000000","nonRecurring":"None","otherOperatingExpense":"None","fiscalDateEnding":"2015-12-31","effectOfAccountingCharges":"None","incomeBeforeTax":"19651000000","reportedCurrency":"USD","extraordinaryItems":"None","netIncomeApplicableToCommonShares":"24283000000","netIncome":"16348000000","incomeTaxExpense":"3303000000","minorityInterest":"None","otherItems":"None","netIncomeFromContinuingOperations":"16348000000"}],"quarterlyReports":[{"totalOperatingExpense":"13843000000","taxProvision":"2112000000","netInterestIncome":"412000000","interestIncome":"460000000","discontinuedOperations":"None","interestExpense":"48000000","totalOtherIncomeExpense":"1734000000","sellingGeneralAdministrative":"6987000000","researchAndDevelopment":"6856000000","otherNonOperatingIncome":"2146000000","totalRevenue":"46173000000","grossProfit":"25056000000","preferredStockAndOtherAdjustments":"None","operatingIncome":"11213000000","ebit":"14502000000","costOfRevenue":"21117000000","nonRecurring":"None","otherOperatingExpense":"None","fiscalDateEnding":"2020-09-30","effectOfAccountingCharges":"None","incomeBeforeTax":"13359000000","reportedCurrency":"USD","extraordinaryItems":"None","netIncomeApplicableToCommonShares":"11247000000","netIncome":"11247000000","incomeTaxExpense":"2112000000","minorityInterest":"None","otherItems":"None","netIncomeFromContinuingOperations":"11247000000"},{"totalOperatingExpense":"13361000000","taxProvision":"1318000000","netInterestIncome":"420000000","interestIncome":"433000000","discontinuedOperations":"None","interestExpense":"13000000","totalOtherIncomeExpense":"1474000000","sellingGeneralAdministrative":"6486000000","researchAndDevelopment":"6875000000","otherNonOperatingIncome":"1894000000","totalRevenue":"38297000000","grossProfit":"19744000000","preferredStockAndOtherAdjustments":"None","operatingIncome":"6383000000","ebit":"11676000000","costOfRevenue":"18553000000","nonRecurring":"None","otherOperatingExpense":"None","fiscalDateEnding":"2020-06-30","effectOfAccountingCharges":"None","incomeBeforeTax":"8277000000","reportedCurrency":"USD","extraordinaryItems":"None","netIncomeApplicableToCommonShares":"6959000000","netIncome":"6959000000","incomeTaxExpense":"1318000000","minorityInterest":"None","otherItems":"None","netIncomeFromContinuingOperations":"6959000000"},{"totalOperatingExpense":"14200000000","taxProvision":"921000000","netInterestIncome":"565000000","interestIncome":"586000000","discontinuedOperations":"None","interestExpense":"21000000","totalOtherIncomeExpense":"-785000000","sellingGeneralAdministrative":"7380000000","researchAndDevelopment":"6820000000","otherNonOperatingIncome":"-220000000","totalRevenue":"41159000000","grossProfit":"22177000000","preferredStockAndOtherAdjustments":"None","operatingIncome":"7977000000","ebit":"10886000000","costOfRevenue":"18982000000","nonRecurring":"None","otherOperatingExpense":"None","fiscalDateEnding":"2020-03-31","effectOfAccountingCharges":"None","incomeBeforeTax":"7757000000","reportedCurrency":"USD","extraordinaryItems":"None","netIncomeApplicableToCommonShares":"6836000000","netIncome":"6836000000","incomeTaxExpense":"921000000","minorityInterest":"None","otherItems":"None","netIncomeFromContinuingOperations":"6836000000"},{"totalOperatingExpense":"15789000000","taxProvision":"33000000","netInterestIncome":"604000000","interestIncome":"621000000","discontinuedOperations":"None","interestExpense":"17000000","totalOtherIncomeExpense":"834000000","sellingGeneralAdministrative":"8567000000","researchAndDevelopment":"7222000000","otherNonOperatingIncome":"1438000000","totalRevenue":"46075000000","grossProfit":"25055000000","preferredStockAndOtherAdjustments":"None","operatingIncome":"9266000000","ebit":"14134000000","costOfRevenue":"21020000000","nonRecurring":"None","otherOperatingExpense":"None","fiscalDateEnding":"2019-12-31","effectOfAccountingCharges":"None","incomeBeforeTax":"10704000000","reportedCurrency":"USD","extraordinaryItems":"None","netIncomeApplicableToCommonShares":"10671000000","netIncome":"10671000000","incomeTaxExpense":"33000000","minorityInterest":"None","otherItems":"None","netIncomeFromContinuingOperations":"10671000000"},{"totalOperatingExpense":"13754000000","taxProvision":"1560000000","netInterestIncome":"608000000","interestIncome":"631000000","discontinuedOperations":"None","interestExpense":"23000000","totalOtherIncomeExpense":"-1157000000","sellingGeneralAdministrative":"7200000000","researchAndDevelopment":"6554000000","otherNonOperatingIncome":"-549000000","totalRevenue":"40499000000","grossProfit":"22931000000","preferredStockAndOtherAdjustments":"None","operatingIncome":"9177000000","ebit":"11571000000","costOfRevenue":"17568000000","nonRecurring":"None","otherOperatingExpense":"None","fiscalDateEnding":"2019-09-30","effectOfAccountingCharges":"None","incomeBeforeTax":"8628000000","reportedCurrency":"USD","extraordinaryItems":"None","netIncomeApplicableToCommonShares":"7068000000","netIncome":"7068000000","incomeTaxExpense":"1560000000","minorityInterest":"None","otherItems":"None","netIncomeFromContinuingOperations":"7068000000"},{"totalOperatingExpense":"12468000000","taxProvision":"2200000000","netInterestIncome":"628000000","interestIncome":"653000000","discontinuedOperations":"None","interestExpense":"25000000","totalOtherIncomeExpense":"2339000000","sellingGeneralAdministrative":"6255000000","researchAndDevelopment":"6213000000","otherNonOperatingIncome":"2967000000","totalRevenue":"38944000000","grossProfit":"21648000000","preferredStockAndOtherAdjustments":"None","operatingIncome":"9180000000","ebit":"15007000000","costOfRevenue":"17296000000","nonRecurring":"None","otherOperatingExpense":"None","fiscalDateEnding":"2019-06-30","effectOfAccountingCharges":"None","incomeBeforeTax":"12147000000","reportedCurrency":"USD","extraordinaryItems":"None","netIncomeApplicableToCommonShares":"9947000000","netIncome":"9947000000","incomeTaxExpense":"2200000000","minorityInterest":"None","otherItems":"None","netIncomeFromContinuingOperations":"9947000000"},{"totalOperatingExpense":"13719000000","taxProvision":"1489000000","netInterestIncome":"487000000","interestIncome":"1417000000","discontinuedOperations":"None","interestExpense":"35000000","totalOtherIncomeExpense":"-646000000","sellingGeneralAdministrative":"5993000000","researchAndDevelopment":"6029000000","otherNonOperatingIncome":"1538000000","totalRevenue":"36339000000","grossProfit":"20327000000","preferredStockAndOtherAdjustments":"None","operatingIncome":"6608000000","ebit":"10794000000","costOfRevenue":"16012000000","nonRecurring":"None","otherOperatingExpense":"None","fiscalDateEnding":"2019-03-31","effectOfAccountingCharges":"None","incomeBeforeTax":"8146000000","reportedCurrency":"USD","extraordinaryItems":"None","netIncomeApplicableToCommonShares":"6657000000","netIncome":"6657000000","incomeTaxExpense":"1489000000","minorityInterest":"None","otherItems":"None","netIncomeFromContinuingOperations":"6657000000"},{"totalOperatingExpense":"13137000000","taxProvision":"None","netInterestIncome":"None","interestIncome":"None","discontinuedOperations":"0","interestExpense":"-29000000","totalOtherIncomeExpense":"1869000000","sellingGeneralAdministrative":"7103000000","researchAndDevelopment":"6034000000","otherNonOperatingIncome":"1869000000","totalRevenue":"39276000000","grossProfit":"21358000000","preferredStockAndOtherAdjustments":"None","operatingIncome":"8203000000","ebit":"12681000000","costOfRevenue":"17918000000","nonRecurring":"0","otherOperatingExpense":"0","fiscalDateEnding":"2018-12-31","effectOfAccountingCharges":"0","incomeBeforeTax":"10072000000","reportedCurrency":"USD","extraordinaryItems":"0","netIncomeApplicableToCommonShares":"8948000000","netIncome":"8948000000","incomeTaxExpense":"1124000000","minorityInterest":"0","otherItems":"0","netIncomeFromContinuingOperations":"8948000000"},{"totalOperatingExpense":"10834000000","taxProvision":"None","netInterestIncome":"None","interestIncome":"None","discontinuedOperations":"0","interestExpense":"-28000000","totalOtherIncomeExpense":"1773000000","sellingGeneralAdministrative":"5602000000","researchAndDevelopment":"5232000000","otherNonOperatingIncome":"1773000000","totalRevenue":"33740000000","grossProfit":"19459000000","preferredStockAndOtherAdjustments":"None","operatingIncome":"8310000000","ebit":"12466000000","costOfRevenue":"14281000000","nonRecurring":"0","otherOperatingExpense":"0","fiscalDateEnding":"2018-09-30","effectOfAccountingCharges":"0","incomeBeforeTax":"10083000000","reportedCurrency":"USD","extraordinaryItems":"0","netIncomeApplicableToCommonShares":"9192000000","netIncome":"9192000000","incomeTaxExpense":"891000000","minorityInterest":"0","otherItems":"0","netIncomeFromContinuingOperations":"9192000000"},{"totalOperatingExpense":"15729000000","taxProvision":"None","netInterestIncome":"None","interestIncome":"None","discontinuedOperations":"0","interestExpense":"-27000000","totalOtherIncomeExpense":"-3663000000","sellingGeneralAdministrative":"5544000000","researchAndDevelopment":"5114000000","otherNonOperatingIncome":"1408000000","totalRevenue":"32657000000","grossProfit":"18774000000","preferredStockAndOtherAdjustments":"None","operatingIncome":"2807000000","ebit":"6356000000","costOfRevenue":"13883000000","nonRecurring":"0","otherOperatingExpense":"0","fiscalDateEnding":"2018-06-30","effectOfAccountingCharges":"0","incomeBeforeTax":"4215000000","reportedCurrency":"USD","extraordinaryItems":"0","netIncomeApplicableToCommonShares":"3195000000","netIncome":"3195000000","incomeTaxExpense":"1020000000","minorityInterest":"0","otherItems":"0","netIncomeFromContinuingOperations":"3195000000"},{"totalOperatingExpense":"10046000000","taxProvision":"None","netInterestIncome":"None","interestIncome":"None","discontinuedOperations":"0","interestExpense":"-30000000","totalOtherIncomeExpense":"3542000000","sellingGeneralAdministrative":"5007000000","researchAndDevelopment":"5039000000","otherNonOperatingIncome":"3542000000","totalRevenue":"31146000000","grossProfit":"17679000000","preferredStockAndOtherAdjustments":"None","operatingIncome":"7001000000","ebit":"12559000000","costOfRevenue":"13467000000","nonRecurring":"0","otherOperatingExpense":"0","fiscalDateEnding":"2018-03-31","effectOfAccountingCharges":"0","incomeBeforeTax":"10543000000","reportedCurrency":"USD","extraordinaryItems":"0","netIncomeApplicableToCommonShares":"9401000000","netIncome":"9401000000","incomeTaxExpense":"1142000000","minorityInterest":"0","otherItems":"0","netIncomeFromContinuingOperations":"9401000000"},{"totalOperatingExpense":"10392000000","taxProvision":"None","netInterestIncome":"None","interestIncome":"None","discontinuedOperations":"0","interestExpense":"52000000","totalOtherIncomeExpense":"-1886000000","sellingGeneralAdministrative":"6086000000","researchAndDevelopment":"4306000000","otherNonOperatingIncome":"354000000","totalRevenue":"32323000000","grossProfit":"18056000000","preferredStockAndOtherAdjustments":"None","operatingIncome":"7664000000","ebit":"256000000","costOfRevenue":"14267000000","nonRecurring":"0","otherOperatingExpense":"0","fiscalDateEnding":"2017-12-31","effectOfAccountingCharges":"0","incomeBeforeTax":"8018000000","reportedCurrency":"USD","extraordinaryItems":"0","netIncomeApplicableToCommonShares":"3342000000","netIncome":"-3020000000","incomeTaxExpense":"11038000000","minorityInterest":"0","otherItems":"0","netIncomeFromContinuingOperations":"-3020000000"},{"totalOperatingExpense":"8842000000","taxProvision":"None","netInterestIncome":"None","interestIncome":"None","discontinuedOperations":"0","interestExpense":"40000000","totalOtherIncomeExpense":"-48000000","sellingGeneralAdministrative":"4637000000","researchAndDevelopment":"4205000000","otherNonOperatingIncome":"197000000","totalRevenue":"27772000000","grossProfit":"16624000000","preferredStockAndOtherAdjustments":"None","operatingIncome":"7782000000","ebit":"9767000000","costOfRevenue":"11148000000","nonRecurring":"0","otherOperatingExpense":"0","fiscalDateEnding":"2017-09-30","effectOfAccountingCharges":"0","incomeBeforeTax":"7979000000","reportedCurrency":"USD","extraordinaryItems":"0","netIncomeApplicableToCommonShares":"6732000000","netIncome":"6732000000","incomeTaxExpense":"1247000000","minorityInterest":"0","otherItems":"0","netIncomeFromContinuingOperations":"6732000000"},{"totalOperatingExpense":"11505000000","taxProvision":"None","netInterestIncome":"None","interestIncome":"None","discontinuedOperations":"0","interestExpense":"33000000","totalOtherIncomeExpense":"-6000000","sellingGeneralAdministrative":"4597000000","researchAndDevelopment":"4172000000","otherNonOperatingIncome":"245000000","totalRevenue":"26010000000","grossProfit":"15637000000","preferredStockAndOtherAdjustments":"None","operatingIncome":"4132000000","ebit":"6023000000","costOfRevenue":"10373000000","nonRecurring":"0","otherOperatingExpense":"0","fiscalDateEnding":"2017-06-30","effectOfAccountingCharges":"0","incomeBeforeTax":"4377000000","reportedCurrency":"USD","extraordinaryItems":"0","netIncomeApplicableToCommonShares":"3524000000","netIncome":"3524000000","incomeTaxExpense":"853000000","minorityInterest":"0","otherItems":"0","netIncomeFromContinuingOperations":"3524000000"},{"totalOperatingExpense":"8387000000","taxProvision":"None","netInterestIncome":"None","interestIncome":"None","discontinuedOperations":"0","interestExpense":"32000000","totalOtherIncomeExpense":"251000000","sellingGeneralAdministrative":"4445000000","researchAndDevelopment":"3942000000","otherNonOperatingIncome":"251000000","totalRevenue":"24750000000","grossProfit":"14955000000","preferredStockAndOtherAdjustments":"None","operatingIncome":"6568000000","ebit":"8347000000","costOfRevenue":"9795000000","nonRecurring":"0","otherOperatingExpense":"0","fiscalDateEnding":"2017-03-31","effectOfAccountingCharges":"0","incomeBeforeTax":"6819000000","reportedCurrency":"USD","extraordinaryItems":"0","netIncomeApplicableToCommonShares":"5426000000","netIncome":"5426000000","incomeTaxExpense":"1393000000","minorityInterest":"0","otherItems":"0","netIncomeFromContinuingOperations":"5426000000"},{"totalOperatingExpense":"8764000000","taxProvision":"None","netInterestIncome":"None","interestIncome":"None","discontinuedOperations":"0","interestExpense":"33000000","totalOtherIncomeExpense":"156000000","sellingGeneralAdministrative":"5142000000","researchAndDevelopment":"3622000000","otherNonOperatingIncome":"218000000","totalRevenue":"26064000000","grossProfit":"15403000000","preferredStockAndOtherAdjustments":"None","operatingIncome":"6639000000","ebit":"6857000000","costOfRevenue":"10661000000","nonRecurring":"0","otherOperatingExpense":"0","fiscalDateEnding":"2016-12-31","effectOfAccountingCharges":"0","incomeBeforeTax":"6857000000","reportedCurrency":"USD","extraordinaryItems":"0","netIncomeApplicableToCommonShares":"5333000000","netIncome":"2892000000","incomeTaxExpense":"1524000000","minorityInterest":"0","otherItems":"0","netIncomeFromContinuingOperations":"5333000000"},{"totalOperatingExpense":"7985000000","taxProvision":"None","netInterestIncome":"None","interestIncome":"None","discontinuedOperations":"0","interestExpense":"29000000","totalOtherIncomeExpense":"127000000","sellingGeneralAdministrative":"4389000000","researchAndDevelopment":"3596000000","otherNonOperatingIncome":"278000000","totalRevenue":"22451000000","grossProfit":"13752000000","preferredStockAndOtherAdjustments":"None","operatingIncome":"5767000000","ebit":"6045000000","costOfRevenue":"8699000000","nonRecurring":"0","otherOperatingExpense":"0","fiscalDateEnding":"2016-09-30","effectOfAccountingCharges":"0","incomeBeforeTax":"6045000000","reportedCurrency":"USD","extraordinaryItems":"0","netIncomeApplicableToCommonShares":"5061000000","netIncome":"5061000000","incomeTaxExpense":"984000000","minorityInterest":"0","otherItems":"0","netIncomeFromContinuingOperations":"5061000000"},{"totalOperatingExpense":"7402000000","taxProvision":"None","netInterestIncome":"None","interestIncome":"None","discontinuedOperations":"0","interestExpense":"32000000","totalOtherIncomeExpense":"364000000","sellingGeneralAdministrative":"4039000000","researchAndDevelopment":"3363000000","otherNonOperatingIncome":"151000000","totalRevenue":"21500000000","grossProfit":"13370000000","preferredStockAndOtherAdjustments":"None","operatingIncome":"5968000000","ebit":"6119000000","costOfRevenue":"8130000000","nonRecurring":"0","otherOperatingExpense":"0","fiscalDateEnding":"2016-06-30","effectOfAccountingCharges":"0","incomeBeforeTax":"6119000000","reportedCurrency":"USD","extraordinaryItems":"0","netIncomeApplicableToCommonShares":"4877000000","netIncome":"7318000000","incomeTaxExpense":"1242000000","minorityInterest":"0","otherItems":"0","netIncomeFromContinuingOperations":"4877000000"},{"totalOperatingExpense":"7267000000","taxProvision":"None","netInterestIncome":"None","interestIncome":"None","discontinuedOperations":"0","interestExpense":"30000000","totalOtherIncomeExpense":"-213000000","sellingGeneralAdministrative":"3900000000","researchAndDevelopment":"3367000000","otherNonOperatingIncome":"-213000000","totalRevenue":"20257000000","grossProfit":"12609000000","preferredStockAndOtherAdjustments":"None","operatingIncome":"5342000000","ebit":"5129000000","costOfRevenue":"7648000000","nonRecurring":"0","otherOperatingExpense":"0","fiscalDateEnding":"2016-03-31","effectOfAccountingCharges":"0","incomeBeforeTax":"5129000000","reportedCurrency":"USD","extraordinaryItems":"0","netIncomeApplicableToCommonShares":"4207000000","netIncome":"4207000000","incomeTaxExpense":"922000000","minorityInterest":"0","otherItems":"0","netIncomeFromContinuingOperations":"4207000000"},{"totalOperatingExpense":"55629000000","taxProvision":"None","netInterestIncome":"None","interestIncome":"None","discontinuedOperations":"0","interestExpense":"26000000","totalOtherIncomeExpense":"-180000000","sellingGeneralAdministrative":"7761000000","researchAndDevelopment":"3510000000","otherNonOperatingIncome":"None","totalRevenue":"21329000000","grossProfit":"46825000000","preferredStockAndOtherAdjustments":"None","operatingIncome":"5380000000","ebit":"19360000000","costOfRevenue":"6784000000","nonRecurring":"0","otherOperatingExpense":"0","fiscalDateEnding":"2015-12-31","effectOfAccountingCharges":"0","incomeBeforeTax":"5200000000","reportedCurrency":"USD","extraordinaryItems":"0","netIncomeApplicableToCommonShares":"4923000000","netIncome":"4923000000","incomeTaxExpense":"277000000","minorityInterest":"0","otherItems":"0","netIncomeFromContinuingOperations":"16348000000"},{"totalOperatingExpense":"6930000000","taxProvision":"None","netInterestIncome":"None","interestIncome":"None","discontinuedOperations":"0","interestExpense":"26000000","totalOtherIncomeExpense":"471000000","sellingGeneralAdministrative":"3700000000","researchAndDevelopment":"3230000000","otherNonOperatingIncome":"183000000","totalRevenue":"18675000000","grossProfit":"11638000000","preferredStockAndOtherAdjustments":"None","operatingIncome":"4708000000","ebit":"4891000000","costOfRevenue":"7037000000","nonRecurring":"0","otherOperatingExpense":"0","fiscalDateEnding":"2015-09-30","effectOfAccountingCharges":"0","incomeBeforeTax":"4891000000","reportedCurrency":"USD","extraordinaryItems":"0","netIncomeApplicableToCommonShares":"3979000000","netIncome":"5977000000","incomeTaxExpense":"912000000","minorityInterest":"0","otherItems":"0","netIncomeFromContinuingOperations":"3979000000"}]}